% Encoding: UTF-8
﻿

@Article{AdlerAkiva79,
  author  = {Adler, Thomas and Ben-Akiva, Moshe},
  title   = {A theoretical and empirical model of trip chaining behavior},
  journal = {Transportation Research Part B: Methodological},
  year    = {1979},
  volume  = {13},
  number  = {3},
  pages   = {243-257},
  issn    = {0191-2615},
  type    = {Journal Article},
}

@article{RN61,
   author = {Agryzkov, Taras and Martí, Pablo and Tortosa, Leandro and Vicent, José F},
   title = {Measuring urban activities using Foursquare data and network analysis: a case study of Murcia (Spain)},
   journal = {International Journal of Geographical Information Science},
   pages = {1-22},
   ISSN = {1365-8816},
   year = {2016},
   type = {Journal Article}
}

@article{RN16,
   author = {Algers, Staffan},
   title = {Integrated structure of long-distance travel behavior models in Sweden},
   journal = {Transportation Research Record},
   number = {1413},
   ISSN = {0309055601},
   year = {1993},
   type = {Journal Article}
}

@article{RN54,
   author = {Anas, Alex},
   title = {The estimation of multinomial logit models of joint location and travel mode choice from aggregated data},
   journal = {Journal of Regional Science},
   volume = {21},
   number = {2},
   pages = {223-242},
   ISSN = {1467-9787},
   year = {1981},
   type = {Journal Article}
}

@Article{Anas81,
  author  = {Anas, Alex},
  title   = {Discrete choice theory, information theory and the multinomial logit and gravity models},
  journal = {Transportation Research Part B: Methodological},
  year    = {1983},
  volume  = {17},
  number  = {1},
  pages   = {13-23},
  issn    = {0191-2615},
  type    = {Journal Article},
}

@article{RN12,
   author = {Aoife Ahern, Gill Weyman, Martin Redelback, Anelika Schulz, Lars Akkermans,  Lorenzo Vannaccim Eleni Anoyrkati, Anouk van Grinsven},
   title = {Analysis of National Travel Statistics in Europe},
   year = {2013},
   type = {Journal Article}
}

@inproceedings{RN18,
   author = {Axhausen, KW},
   title = {Methodological research for a European survey of long-distance travel},
   booktitle = {Personal Travel: the Long and Short of It. Conference Proceedings June 28–July 1, 1999 Washington, DC},
   pages = {321-342},
   type = {Conference Proceedings}
}

@book{RN9,
   author = {Ben-Akiva, Moshe E},
   title = {Structure of passenger travel demand models},
   ISBN = {0309023734},
   year = {1974},
   type = {Book}
}

@Book{Akiva74,
  title  = {Structure of passenger travel demand models},
  year   = {1974},
  author = {Ben-Akiva, Moshe E},
  isbn   = {0309023734},
  type   = {Book},
}

@Book{AkivaLerman85,
  title     = {Discrete choice analysis: theory and application to travel demand},
  publisher = {MIT press},
  year      = {1985},
  author    = {Ben-Akiva, Moshe E and Lerman, Steven R},
  volume    = {9},
  isbn      = {0262022176},
  type      = {Book},
}

@article{RN62,
   author = {Bernardin Jr, Vincent and Koppelman, Frank and Boyce, David},
   title = {Enhanced destination choice models incorporating agglomeration related to trip chaining while controlling for spatial competition},
   journal = {Transportation Research Record: Journal of the Transportation Research Board},
   number = {2132},
   pages = {143-151},
   ISSN = {0361-1981},
   year = {2009},
   type = {Journal Article}
}

@inbook{RN23,
   author = {Bhat, Chandra R and Koppelman, Frank S},
   title = {Activity-based modeling of travel demand},
   booktitle = {Handbook of transportation Science},
   publisher = {Springer},
   pages = {35-61},
   ISBN = {1461373700},
   year = {1999},
   type = {Book Section}
}

@Article{CTC71,
  author = {{Canadian Transport Commission}},
  title  = {Intercity passenger transport study},
  year   = {1971},
  type   = {Book},
}

@inproceedings{RN27,
   author = {Carpenter, Susan and Jones, Peter M},
   title = {Recent advances in travel demand analysis},
   booktitle = {Recent advances in travel demand analysis.},
   publisher = {Gower Publishing Co. Ltd.},
   type = {Conference Proceedings}
}

@article{RN10,
   author = {Casetti, Emilio},
   title = {Generating Models by the Expansion Method: Applications to Geographical Research*},
   journal = {Geographical Analysis},
   volume = {4},
   number = {1},
   pages = {81-91},
   ISSN = {1538-4632},
   DOI = {10.1111/j.1538-4632.1972.tb00458.x},
   url = {http://dx.doi.org/10.1111/j.1538-4632.1972.tb00458.x},
   year = {1972},
   type = {Journal Article}
}

@Article{casey55,
  author  = {Casey, HJ},
  title   = {Applications to traffic engineering of the law of retail gravitation},
  journal = {Traffic Quarterly},
  year    = {1955},
  volume  = {9},
  number  = {1},
  pages   = {23-35},
  type    = {Journal Article},
}

@article{RN5,
   author = {Chandra, Ambarish and Head, Keith and Tappata, Mariano},
   title = {The economics of cross-border travel},
   journal = {Review of Economics and Statistics},
   volume = {96},
   number = {4},
   pages = {648-661},
   ISSN = {0034-6535},
   year = {2014},
   type = {Journal Article}
}

@article{RN25,
   author = {Cho, Sungjin and Bellemans, Tom and Creemers, Lieve and Knapen, Luk and Janssens, Davy and Wets, Geert},
   title = {Synthetic Population Techniques in Activity-Based Research},
   ISSN = {1466649208},
   year = {2014},
   type = {Journal Article}
}

@article{RN11,
   author = {D. A. Badoe, C.. Chen},
   title = {Modeling Trip Generation with Data from Single and Two Independent Cross-Sectional Travel Surveys},
   journal = {Journal of Urban Planning and Development},
   volume = {130},
   number = {4},
   pages = {167-174},
   DOI = {doi:10.1061/(ASCE)0733-9488(2004)130:4(167)},
   url = {http://ascelibrary.org/doi/abs/10.1061/%28ASCE%290733-9488%282004%29130%3A4%28167%29},
   year = {2004},
   type = {Journal Article}
}

@Article{Daly82,
  author  = {Daly, Andrew},
  title   = {Estimating choice models containing attraction variables},
  journal = {Transportation Research Part B: Methodological},
  year    = {1982},
  volume  = {16},
  number  = {1},
  pages   = {5-15},
  issn    = {0191-2615},
  type    = {Journal Article},
}

@book{RN19,
   author = {de Dios Ortúzar, Juan and Willumsen, Luis G},
   title = {Modelling transport},
   publisher = {John Wiley & Sons},
   ISBN = {1119993520},
   year = {2011},
   type = {Book}
}

@book{RN29,
   author = {Grayson, Alan},
   title = {Disaggregate model of mode choice in intercity travel},
   ISBN = {0309033128},
   year = {1981},
   type = {Book}
}

@inproceedings{RN21,
   author = {Harding, Christopher and Miller, Eric J and Patterson, Zachary and Axhausen, Kay W},
   title = {Multiple Purpose Tours and Efficient Trip Chaining: An Analysis of the Effects of Land use and Transit on Travel Bahavior in Switzerland},
   booktitle = {Transportation Research Board, 94th Annual Meeting},
   type = {Conference Proceedings}
}

@article{RN8,
   author = {Ho, Chinh and Mulley, Corinne},
   title = {Tour-based mode choice of joint household travel patterns on weekend and weekday},
   journal = {Transportation},
   volume = {40},
   number = {4},
   pages = {789-811},
   ISSN = {1572-9435},
   DOI = {10.1007/s11116-013-9479-0},
   url = {http://dx.doi.org/10.1007/s11116-013-9479-0},
   year = {2013},
   type = {Journal Article}
}

@article{RN37,
   author = {Hu, Yangzhou and Ritchie, JR Brent},
   title = {Measuring destination attractiveness: A contextual approach},
   journal = {Journal of Travel Research},
   volume = {32},
   number = {2},
   pages = {25-34},
   ISSN = {0047-2875},
   year = {1993},
   type = {Journal Article}
}

@techreport{RN20,
   author = {Jones, P. M.},
   title = {The analysis and modelling of multi-trip and multi-purpose journeys},
   year = {1976},
   type = {Report}
}

@Article{Kitamura84,
  author  = {Kitamura, Ryuichi},
  title   = {Incorporating trip chaining into analysis of destination choice},
  journal = {Transportation Research Part B: Methodological},
  year    = {1984},
  volume  = {18},
  number  = {1},
  pages   = {67-81},
  issn    = {0191-2615},
  type    = {Journal Article},
}

@book{RN46,
   author = {Koppelman, Frank S and Kuah, Geok-Koon and Hirsh, Moshe},
   title = {Review of intercity passenger travel demand modelling: mid-60's to the mid-80's},
   publisher = {The Transportation Center and Department of Civil Engineering, Northwestern University},
   year = {1984},
   type = {Book}
}

@article{RN17,
   author = {Limtanakool, Narisra and Dijst, Martin and Schwanen, Tim},
   title = {The influence of socioeconomic characteristics, land use and travel time considerations on mode choice for medium- and longer-distance trips},
   journal = {Journal of Transport Geography},
   volume = {14},
   number = {5},
   pages = {327-341},
   ISSN = {0966-6923},
   DOI = {http://dx.doi.org/10.1016/j.jtrangeo.2005.06.004},
   url = {http://www.sciencedirect.com/science/article/pii/S0966692305000438},
   year = {2006},
   type = {Journal Article}
}

@inproceedings{RN2,
   author = {Lóri Tavasszy, Marco Duijnisveld, Frank Hofman, Saskia Pronk van Hoogeveen, Nora Schmorak, Monique van de Berg, Jan Francke, Odette van de Riet, Jan van der Waard, Hedi Poot, Emiel Reiding},
   title = {CREATING TRANSPORT MODELS THAT MATTER: A STRATEGIC VIEW ON GOVERNANCE OF TRANSPORT MODELS AND ROAD MAPS FOR INNOVATION},
   booktitle = {European Transport Conference},
   publisher = {Association for European Transport},
   type = {Conference Proceedings}
}

@book{RN57,
   author = {Louviere, Jordan J and Hensher, David A and Swait, Joffre D},
   title = {Stated choice methods: analysis and applications},
   publisher = {Cambridge University Press},
   ISBN = {0521788307},
   year = {2000},
   type = {Book}
}

@article{RN3,
   author = {Lu, Yijing and Zhang, Lei},
   title = {Imputing trip purposes for long- distance travel},
   journal = {Transportation},
   volume = {42},
   number = {4},
   pages = {581-595},
   ISSN = {0049-4488},
   DOI = {10.1007/s11116-015-9595-0},
   year = {2015},
   type = {Journal Article}
}

@article{RN34,
   author = {Mandel, Benedikt and Gaudry, Marc and Rothengatter, Werner},
   title = {A disaggregate Box-Cox Logit mode choice model of intercity passenger travel in Germany and its implications for high-speed rail demand forecasts},
   journal = {The Annals of Regional Science},
   volume = {31},
   number = {2},
   pages = {99-120},
   ISSN = {0570-1864},
   year = {1997},
   type = {Journal Article}
}

@Article{McFadden73,
  author = {McFadden, Daniel},
  title  = {Conditional logit analysis of qualitative choice behavior},
  year   = {1973},
  type   = {Journal Article},
}

@article{RN6,
   author = {Mednick, Howard},
   title = {A Markov chain model of travel patterns of US visitors to Ontario},
   journal = {Journal of Leisure Research},
   volume = {7},
   number = {4},
   pages = {246},
   ISSN = {0022-2216},
   year = {1975},
   type = {Journal Article}
}

@Article{miller04,
  author  = {Miller, Eric},
  title   = {The trouble with intercity travel demand models},
  journal = {Transportation Research Record: Journal of the Transportation Research Board},
  year    = {2004},
  number  = {1895},
  pages   = {94-101},
  issn    = {0361-1981},
  type    = {Journal Article},
}

@InProceedings{Mishra13,
  author    = {Mishra, Sabyasachee and Wang, Yanli and Zhu, Xiaoyu and Moeckel, Rolf and Mahapatra, Subrat},
  title     = {Comparison between gravity and destination choice models for trip distribution in Maryland},
  booktitle = {Transportation Research Board 92nd Annual Meeting},
  year      = {2013},
  type      = {Conference Proceedings},
}

@inproceedings{RN30,
   author = {Moeckel, Rolf and Donnelly, Rick and Brinckerhoff, Parsons},
   title = {Nationwide Estimate of Long-Distance Travel (NELDT)},
   booktitle = {Third International Conference on Innovations in Travel Modeling (ITM) of the Transportation Research Board, Tempe, AZ},
   type = {Conference Proceedings}
}

@Article{Moeckel15,
  author  = {Moeckel, Rolf and Fussell, Rhett and Donnelly, Rick},
  title   = {Mode choice modeling for long-distance travel},
  journal = {Transportation Letters},
  year    = {2015},
  volume  = {7},
  number  = {1},
  pages   = {35-46},
  issn    = {1942-7867},
  type    = {Journal Article},
}

@inproceedings{RN13,
   author = {Moeckel, Rolf and Spiekermann, Klaus and Wegener, Michael},
   title = {Creating a synthetic population},
   booktitle = {Proceedings of the 8th International Conference on Computers in Urban Planning and Urban Management (CUPUM)},
   pages = {1-18},
   type = {Conference Proceedings}
}

@book{RN45,
   author = {Nelson, Robert A},
   title = {Northeast Corridor Transportation Project Report},
   publisher = {Office of High Speed Ground Transportation, United States Department of Transportation},
   volume = {209},
   year = {1970},
   type = {Book}
}

@article{RN60,
   author = {Noulas, Anastasios and Scellato, Salvatore and Mascolo, Cecilia and Pontil, Massimiliano},
   title = {An Empirical Study of Geographic User Activity Patterns in Foursquare},
   journal = {ICwSM},
   volume = {11},
   pages = {70-573},
   year = {2011},
   type = {Journal Article}
}

@Book{OiSchu62,
  title     = {An Analysis of Urban Transportation Demand},
  publisher = {Evanston, IL: Northwestern University Press},
  year      = {1962},
  author    = {Oi, Walter; Schuldiner, Paul},
  type      = {Generic},
}

@Article{Outwater10,
  author  = {Outwater, Maren and Tierney, Kevin and Bradley, Mark and Sall, Elizabeth and Kuppam, Arun and Modugula, Vamsee},
  title   = {California statewide model for high-speed rail},
  journal = {Journal of Choice Modelling},
  year    = {2010},
  volume  = {3},
  number  = {1},
  pages   = {58-83},
  issn    = {1755-5345},
  type    = {Journal Article},
}

@article{RN58,
   author = {Outwater, Maren and Tierney, Kevin and Bradley, Mark and Sall, Elizabeth and Kuppam, Arun and Modugula, Vamsee},
   title = {California statewide model for high-speed rail},
   journal = {Journal of Choice Modelling},
   volume = {3},
   number = {1},
   pages = {58-83},
   ISSN = {1755-5345},
   year = {2010},
   type = {Journal Article}
}

@InProceedings{Outwater15,
  author    = {Outwater, Maren L and Bradley, Mark and Ferdous, Nazneen and Bhat, Chandra and Pendyala, Ram and Hess, Stephane and Daly, Andrew and LaMondia, Jeff},
  title     = {Tour-Based National Model System to Forecast Long-Distance Passenger Travel in the United States},
  booktitle = {Transportation Research Board 94th Annual Meeting},
  year      = {2015},
  type      = {Conference Proceedings},
}

@article{RN32,
   author = {Pozsgay, Michael and Bhat, Chandra},
   title = {Destination choice modeling for home-based recreational trips: analysis and implications for land use, transportation, and air quality planning},
   journal = {Transportation Research Record: Journal of the Transportation Research Board},
   number = {1777},
   pages = {47-54},
   ISSN = {0361-1981},
   year = {2001},
   type = {Journal Article}
}

@article{RN7,
   author = {Primerano, Frank and Taylor, Michael A. P. and Pitaksringkarn, Ladda and Tisato, Peter},
   title = {Defining and understanding trip chaining behaviour},
   journal = {Transportation},
   volume = {35},
   number = {1},
   pages = {55-72},
   ISSN = {1572-9435},
   DOI = {10.1007/s11116-007-9134-8},
   url = {http://dx.doi.org/10.1007/s11116-007-9134-8},
   year = {2007},
   type = {Journal Article}
}

@inproceedings{RN1,
   author = {Rohr, Charlene and Fox, James and Daly, Andrew and Patruni, Bhanu and Patil, Sunil and Tsang, Flavia},
   title = {MODELLING LONG-DISTANCE TRAVEL IN THE UK},
   booktitle = {European Transport Conference},
   publisher = {Association for European Transport},
   type = {Conference Proceedings}
}

@Article{schif12,
  author  = {Schiffer, RG},
  title   = {NCHRP Report 735: Long-Distance and Rural Travel Transferable Parameters for Statewide Travel Forecasting Models},
  journal = {Transportation Research Board of the National Academies, Washington, DC},
  year    = {2012},
  type    = {Journal Article},
}

@book{RN59,
   author = {Schüssler, Nadine and Axhausen, Kay W},
   title = {Accounting for similarities in destination choice modelling: A concept},
   publisher = {Citeseer},
   year = {2009},
   type = {Book}
}

@TechReport{Spear77,
  author = {Spear, Bruce D},
  title  = {Applications of new travel demand forecasting techniques to transportation planning. A study of individual choice models},
  year   = {1977},
  type   = {Report},
  url    = {http://ntl.bts.gov/DOCS/SICM.html},
}

@article{RN48,
   author = {Spear, Bruce D.},
   title = {New approaches to transportation forecasting models},
   journal = {Transportation},
   volume = {23},
   number = {3},
   pages = {215-240},
   ISSN = {1572-9435},
   DOI = {10.1007/bf00165703},
   url = {http://dx.doi.org/10.1007/BF00165703},
   year = {1996},
   type = {Journal Article}
}

@Article{Stephanedes84,
  author  = {Stephanedes, Yorgos J and Kumar, Vijaya and Padmanabhan, Balakrishnan},
  title   = {A fully disaggregate mode-choice model for business intercity travel},
  journal = {Transportation Planning and Technology},
  year    = {1984},
  volume  = {9},
  number  = {1},
  pages   = {13-23},
  issn    = {0308-1060},
  type    = {Journal Article},
}

@book{RN26,
   author = {Timmermans, Hendrik Johannes Petrus},
   title = {Progress in activity-based analysis},
   publisher = {Elsevier},
   ISBN = {0080445810},
   year = {2005},
   type = {Book}
}

@Book{Train09,
  title     = {Discrete choice methods with simulation},
  publisher = {Cambridge university press},
  year      = {2009},
  author    = {Train, Kenneth E},
  isbn      = {1139480375},
  type      = {Book},
}

@article{RN56,
   author = {Um, Seoho and Crompton, John L},
   title = {Attitude determinants in tourism destination choice},
   journal = {Annals of tourism research},
   volume = {17},
   number = {3},
   pages = {432-448},
   ISSN = {0160-7383},
   year = {1990},
   type = {Journal Article}
}

@Article{Warner62,
  author  = {Warner, Stanley Leon},
  title   = {Stochastic choice of mode in urban travel: A study in binary choice},
  journal = {METROPOLITAN TRANSPORTATION SERIES},
  year    = {1962},
  type    = {Journal Article},
}

@Article{Wilson67,
  author  = {Wilson, Alan G},
  title   = {A statistical theory of spatial distribution models},
  journal = {Transportation research},
  year    = {1967},
  volume  = {1},
  number  = {3},
  pages   = {253-269},
  issn    = {0041-1647},
  type    = {Journal Article},
}

@book{RN55,
   author = {Zahavi, Yacov and Talvitie, Antti},
   title = {Regularities in travel time and money expenditures},
   ISBN = {0309030609},
   year = {1980},
   type = {Book}
}

@Article{noulas2012tale,
  author    = {Noulas, Anastasios and Scellato, Salvatore and Lambiotte, Renaud and Pontil, Massimiliano and Mascolo, Cecilia},
  title     = {A tale of many cities: universal patterns in human urban mobility},
  journal   = {PloS one},
  year      = {2012},
  volume    = {7},
  number    = {5},
  pages     = {e37027},
  publisher = {Public Library of Science},
}

@Article{cheng2011exploring,
  author  = {Cheng, Zhiyuan and Caverlee, James and Lee, Kyumin and Sui, Daniel Z},
  title   = {Exploring Millions of Footprints in Location Sharing Services.},
  journal = {ICWSM},
  year    = {2011},
  volume  = {2011},
  pages   = {81--88},
}

@InProceedings{lindqvist2011m,
  author       = {Lindqvist, Janne and Cranshaw, Justin and Wiese, Jason and Hong, Jason and Zimmerman, John},
  title        = {I'm the mayor of my house: examining why people use foursquare-a social-driven location sharing application},
  booktitle    = {Proceedings of the SIGCHI conference on human factors in computing systems},
  year         = {2011},
  pages        = {2409--2418},
  organization = {ACM},
}

@Article{abdulazim2015framework,
  author    = {Abdulazim, Tamer and Abdelgawad, Hossam and Nurul Habib, Khandker M and Abdulhai, Baher},
  title     = {Framework for Automating Travel Activity Inference Using Land Use Data: The Case of Foursquare in the Greater Toronto and Hamilton Area, Ontario, Canada},
  journal   = {Transportation Research Record: Journal of the Transportation Research Board},
  year      = {2015},
  number    = {2526},
  pages     = {136--142},
  publisher = {Transportation Research Board of the National Academies},
}

@InProceedings{sa2015origin,
  author    = {SA, Rokib and Karim, Md Ahsanul and Qiu, Tony Z and Kim, Amy},
  title     = {Origin-Destination Trip Estimation from Anonymous Cell Phone and Foursquare Data},
  booktitle = {Transportation Research Board 94th Annual Meeting},
  year      = {2015},
  number    = {15-2379},
}

@Article{jin2014location,
  author    = {Jin, Peter and Cebelak, Meredith and Yang, Fan and Zhang, Jian and Walton, C and Ran, Bin},
  title     = {Location-Based Social Networking Data: Exploration into Use of Doubly Constrained Gravity Model for Origin-Destination Estimation},
  journal   = {Transportation Research Record: Journal of the Transportation Research Board},
  year      = {2014},
  number    = {2430},
  pages     = {72--82},
  publisher = {Transportation Research Board of the National Academies},
}

@Article{moeckel2015gradual,
  author    = {Moeckel, Rolf and Donnelly, Rick},
  title     = {Gradual rasterization: redefining spatial resolution in transport modelling},
  journal   = {Environment and Planning B: Planning and Design},
  year      = {2015},
  volume    = {42},
  number    = {5},
  pages     = {888--903},
  publisher = {SAGE Publications},
}

@Article{hasan2014fast,
  author  = {Hasan, Asad and Zhiyu, Wang and Mahani, Alireza S},
  title   = {Fast Estimation of Multinomial Logit Models: R Package mnlogit},
  journal = {arXiv preprint arXiv:1404.3177},
  year    = {2014},
}

@Comment{jabref-meta: databaseType:bibtex;}
